% This file was created with Citavi 6.10.0.0

@proceedings{.2001,
 year = {2001},
 title = {Proceedings International Conference on Shape Modeling and Applications},
 publisher = {{IEEE Computer Society}},
 isbn = {0-7695-0853-7}
}


@proceedings{.2019,
 year = {2019},
 title = {Proceedings of the 2019 International Conference on Artificial Intelligence and Computer Science},
 address = {New York, NY, USA},
 publisher = {ACM},
 isbn = {9781450371506},
 doi = {10.1145/3349341}
}


@article{CHAN,
 author = {CHAN, A. K. W. and CASE, K.},
 year = {1994},
 title = {Process planning by recognizing and learning machining features},
 pages = {77--99},
 volume = {7},
 number = {2},
 issn = {0951-192X},
 journal = {International Journal of Computer Integrated Manufacturing},
 doi = {10.1080/09511929408944597},
 file = {Process planning by recognizing and learning machining features:Attachments/Process planning by recognizing and learning machining features.pdf:application/pdf}
}


@inproceedings{Cicirello.2001,
 author = {Cicirello, V. and Regli, W. C.},
 title = {Machining feature-based comparisons of mechanical parts},
 pages = {176--185},
 publisher = {{IEEE Computer Society}},
 isbn = {0-7695-0853-7},
 booktitle = {Proceedings International Conference on Shape Modeling and Applications},
 year = {2001},
 doi = {10.1109/SMA.2001.923388},
 file = {Machining feature-based comparisons of mechanical parts:Attachments/Machining feature-based comparisons of mechanical parts.pdf:application/pdf}
}


@article{DeValk,
 author = {{Kathleen DeValk}},
 year = {2019},
 title = {The Architecture of Siemen's MindSphere Platform},
 keywords = {C{\_}Restricted},
 file = {Building on AWS The architecture of the Siemens MindSphere platform:Attachments/Building on AWS The architecture of the Siemens MindSphere platform.pdf:application/pdf}
}


@article{Filka,
 author = {{Filka Marian}},
 year = {2017},
 title = {MindSphere: Driving the Digital Enterprise for dicrete industries},
 url = {siemens.com/mindsphere},
 keywords = {C{\_}Unrestricted},
 file = {MindSphere-Overview-Automotive:Attachments/MindSphere-Overview-Automotive.pdf:application/pdf}
}


@article{Gapinski.2009,
 author = {Gapinski, Andrzej},
 year = {2009},
 title = {AUTOMATED MANUFACTURING: PROCESSES AND TECHNOLOGIES},
 file = {ICECE{\_}BuenosAires2009{\_}AG:Attachments/ICECE{\_}BuenosAires2009{\_}AG.pdf:application/pdf}
}


@article{Kang,
 author = {Kang, Hyoung Seok and Lee, Ju Yeon and Choi, SangSu and Kim, Hyun and Park, Jun Hee and Son, Ji Yeon and Kim, Bo Hyun and Noh, Sang Do},
 year = {2016},
 title = {Smart manufacturing: Past research, present findings, and future directions},
 pages = {111--128},
 volume = {3},
 number = {1},
 issn = {2288-6206},
 journal = {International Journal of Precision Engineering and Manufacturing-Green Technology},
 doi = {10.1007/s40684-016-0015-5},
 file = {Smart Manufacturing Past Research, Present Findings, and Future Directions:Attachments/Smart Manufacturing Past Research, Present Findings, and Future Directions.pdf:application/pdf}
}


@article{Kataraki.2018,
 abstract = {Int J Adv Manuf Technol, doi:10.1007/s00170-018-2214-4},
 author = {Kataraki, Pramod S. and {Abu Mansor}, Mohd Salman},
 year = {2018},
 title = {A novel classification of freeform volumetric features and generative CAPP approach for milling machine selection},
 keywords = {CAPP;Complexity;Feature recognition;Freeform;Milling machine},
 pages = {985--1009},
 volume = {98},
 number = {1-4},
 issn = {0268-3768},
 journal = {The International Journal of Advanced Manufacturing Technology},
 doi = {10.1007/s00170-018-2214-4},
 file = {A novel classification of freeform volumetric features and generative CAPP approach for milling machine selection:Attachments/A novel classification of freeform volumetric features and generative CAPP approach for milling machine selection.pdf:application/pdf}
}


@article{Lihui1,
 abstract = {Journal of Manufacturing Systems, 35 (2015) 10-25. doi:10.1016/j.jmsy.2014.11.013},
 author = {Wang, Lihui},
 year = {2015},
 title = {An overview of function block enabled adaptive process planning for machining},
 keywords = {Adaptability;Function block;Job-shop machining;Process planning;Uncertainty},
 pages = {10--25},
 volume = {35},
 issn = {02786125},
 journal = {Journal of Manufacturing Systems},
 doi = {10.1016/j.jmsy.2014.11.013},
 file = {An overview of function block enabled adaptive process planning for machining:Attachments/An overview of function block enabled adaptive process planning for machining.pdf:application/pdf}
}


@article{Lihui11,
 abstract = {Computer-Aided Design, 59 (2015) 1-14. doi:10.1016/j.cad.2014.07.006},
 author = {Wu, Dazhong and Rosen, David W. and Wang, Lihui and Schaefer, Dirk},
 year = {2015},
 title = {Cloud-based design and manufacturing: A new paradigm in digital manufacturing and design innovation},
 keywords = {Cloud-based design and manufacturing;Collaborative design;Design innovation;Digital manufacturing;Distributed manufacturing},
 pages = {1--14},
 volume = {59},
 issn = {00104485},
 journal = {Computer-Aided Design},
 doi = {10.1016/j.cad.2014.07.006},
 file = {Cloud-based design and manufacturing A new paradigm in digitalmanufacturing and designinnovation:Attachments/Cloud-based design and manufacturing A new paradigm in digitalmanufacturing and designinnovation.pdf:application/pdf}
}


@article{Lihui2,
 author = {Wang, Lihui and Nace, Adam},
 year = {2009},
 title = {A sensor-driven approach to Web-based machining},
 pages = {1--14},
 volume = {20},
 number = {1},
 issn = {0956-5515},
 journal = {Journal of Intelligent Manufacturing},
 doi = {10.1007/s10845-008-0099-z},
 file = {A sensor-driven approach to Web-based machining:Attachments/A sensor-driven approach to Web-based machining.pdf:application/pdf}
}


@article{Lihui3,
 abstract = {Journal of Manufacturing Systems, 37 (2015) 517-527. doi:10.1016/j.jmsy.2015.04.008},
 author = {Wang, Lihui and T{\"o}rngren, Martin and Onori, Mauro},
 year = {2015},
 title = {Current status and advancement of cyber-physical systems in manufacturing},
 pages = {517--527},
 volume = {37},
 issn = {02786125},
 journal = {Journal of Manufacturing Systems},
 doi = {10.1016/j.jmsy.2015.04.008},
 file = {Current statu and advancement of cyber-physical systems in manufacturing:Attachments/Current statu and advancement of cyber-physical systems in manufacturing.pdf:application/pdf}
}


@article{Lihui4,
 abstract = {CIRP Annals - Manufacturing Technology, 64 (2015) 749-772. doi:10.1016/j.cirp.2015.05.011},
 author = {Gao, R. and Wang, L. and Teti, R. and Dornfeld, D. and Kumara, S. and Mori, M. and Helu, M.},
 year = {2015},
 title = {Cloud-enabled prognosis for manufacturing},
 pages = {749--772},
 volume = {64},
 number = {2},
 issn = {00078506},
 journal = {CIRP Annals},
 doi = {10.1016/j.cirp.2015.05.011},
 file = {Cloud-enabled prognosis for manufacturing:Attachments/Cloud-enabled prognosis for manufacturing.pdf:application/pdf}
}


@article{Lihui5,
 author = {Tao, Fei and Zhang, Lin and Liu, Yongkui and Cheng, Ying and Wang, Lihui and Xu, Xun},
 year = {2015},
 title = {Manufacturing Service Management in Cloud Manufacturing: Overview and Future Research Directions},
 volume = {137},
 number = {4},
 issn = {1087-1357},
 journal = {Journal of Manufacturing Science and Engineering},
 doi = {10.1115/1.4030510},
 file = {Manufacturing Service Management in Cloud Manufacturing Overview and Future Research Directions:Attachments/Manufacturing Service Management in Cloud Manufacturing Overview and Future Research Directions.pdf:application/pdf}
}


@article{Lihui6,
 abstract = {CIRP Journal of Manufacturing Science and Technology, 6 (2013) 263-273. doi:10.1016/j.cirpj.2013.07.001},
 author = {Wang, Lihui},
 year = {2013},
 title = {Machine availability monitoring and machining process planning towards Cloud manufacturing},
 keywords = {Cloud manufacturing;Job-shop machining;Monitoring;Process planning;Uncertainty},
 pages = {263--273},
 volume = {6},
 number = {4},
 issn = {17555817},
 journal = {CIRP Journal of Manufacturing Science and Technology},
 doi = {10.1016/j.cirpj.2013.07.001},
 file = {Machine availability monitoring and machining process planning towards Cloud manufacturing:Attachments/Machine availability monitoring and machining process planning towards Cloud manufacturing.pdf:application/pdf}
}


@article{Lihui8,
 author = {Wang, Lihui and Nace, Adam},
 year = {2009},
 title = {A sensor-driven approach to Web-based machining},
 pages = {1--14},
 volume = {20},
 number = {1},
 issn = {0956-5515},
 journal = {Journal of Intelligent Manufacturing},
 doi = {10.1007/s10845-008-0099-z},
 file = {A sensor-driven approach to Web-based machining:Attachments/A sensor-driven approach to Web-based machining.pdf:application/pdf}
}


@article{Lihui9,
 abstract = {Journal of Manufacturing Systems, 37 (2015) 517-527. doi:10.1016/j.jmsy.2015.04.008},
 author = {Wang, Lihui and T{\"o}rngren, Martin and Onori, Mauro},
 year = {2015},
 title = {Current status and advancement of cyber-physical systems in manufacturing},
 pages = {517--527},
 volume = {37},
 issn = {02786125},
 journal = {Journal of Manufacturing Systems},
 doi = {10.1016/j.jmsy.2015.04.008},
 file = {Current statu and advancement of cyber-physical systems in manufacturing:Attachments/Current statu and advancement of cyber-physical systems in manufacturing.pdf:application/pdf}
}


@article{Liu,
 abstract = {Proceedings of the Institution of Mechanical Engineers, Part B: Journal of Engineering Manufacture 2017.231:1204-1216},
 author = {Liu, Jinfeng and Liu, Xiaojun and Cheng, Yalong and Ni, Zhonghua},
 year = {2017},
 title = {An approach to mapping machining feature to manufacturing feature volume based on geometric reasoning for process planning},
 keywords = {geometric reasoning;machining feature faces;Manufacturing feature volume;Process planning;working procedure model},
 pages = {1204--1216},
 volume = {231},
 number = {7},
 issn = {0954-4054},
 journal = {Proceedings of the Institution of Mechanical Engineers, Part B: Journal of Engineering Manufacture},
 doi = {10.1177/0954405415585377},
 file = {0954405415585377:Attachments/0954405415585377.pdf:application/pdf}
}


@article{Lu,
 abstract = {Robotics and Computer Integrated Manufacturing, 57 (2019) 92-102. doi:10.1016/j.rcim.2018.11.006},
 author = {Lu, Yuqian and Xu, Xun},
 year = {2019},
 title = {Cloud-based manufacturing equipment and big data analytics to enable on-demand manufacturing services},
 keywords = {Big data analytics;Cloud manufacturing;Cyber-physical production system;digital twin;Industry 4.0},
 pages = {92--102},
 volume = {57},
 issn = {07365845},
 journal = {Robotics and Computer-Integrated Manufacturing},
 doi = {10.1016/j.rcim.2018.11.006},
 file = {Cloud-based manufacturing equipment and big data analytics to enable ondemand manufacturing services:Attachments/Cloud-based manufacturing equipment and big data analytics to enable ondemand manufacturing services.pdf:application/pdf}
}


@book{Luhui10,
 author = {Wang, Lihui and Wang, Xi Vincent},
 year = {2018},
 title = {Cloud-Based Cyber-Physical Systems in Manufacturing},
 address = {Cham},
 publisher = {{Springer International Publishing}},
 isbn = {978-3-319-67692-0},
 doi = {10.1007/978-3-319-67693-7},
 file = {Cloud-Based CPS in Manufacturing:Attachments/Cloud-Based CPS in Manufacturing.pdf:application/pdf}
}


@book{Luhui5,
 author = {Wang, Lihui and Wang, Xi Vincent},
 year = {2018},
 title = {Cloud-Based Cyber-Physical Systems in Manufacturing},
 address = {Cham},
 publisher = {{Springer International Publishing}},
 isbn = {978-3-319-67692-0},
 doi = {10.1007/978-3-319-67693-7},
 file = {Cloud-Based CPS in Manufacturing:Attachments/Cloud-Based CPS in Manufacturing.pdf:application/pdf}
}


@article{Luhui7,
 abstract = {Journal of Manufacturing Systems, 35 (2015) 10-25. doi:10.1016/j.jmsy.2014.11.013},
 author = {Wang, Lihui},
 year = {2015},
 title = {An overview of function block enabled adaptive process planning for machining},
 keywords = {Adaptability;Function block;Job-shop machining;Process planning;Uncertainty},
 pages = {10--25},
 volume = {35},
 issn = {02786125},
 journal = {Journal of Manufacturing Systems},
 doi = {10.1016/j.jmsy.2014.11.013},
 file = {An overview of function block enabled adaptive process planning for machining:Attachments/An overview of function block enabled adaptive process planning for machining.pdf:application/pdf}
}


@inproceedings{Ma.2019,
 abstract = {• Insert CCS text here • Insert CCS text here   • Insert CCS text here},
 author = {Ma, Yaolong and Zhang, Yingzhong and Luo, Xiaofang},
 title = {Automatic Recognition of Machining Features Based on Point Cloud Data Using Convolution Neural Networks},
 pages = {229--235},
 publisher = {ACM},
 isbn = {9781450371506},
 booktitle = {Proceedings of the 2019 International Conference on Artificial Intelligence and Computer Science},
 year = {2019},
 address = {New York, NY, USA},
 doi = {10.1145/3349341.3349407},
 file = {Automatic Recognition of Machining Features Based on Point Cloud Data:Attachments/Automatic Recognition of Machining Features Based on Point Cloud Data.pdf:application/pdf}
}


@article{McClure,
 author = {{McClure, Jennifer}},
 title = {Siemens MindSphere: The cloud based, open IoT operating system: Knut L{\o}nskog},
 file = {MindSphere-Siemens:Attachments/MindSphere-Siemens.pdf:application/pdf}
}


@article{MS1,
 title = {Answering Industry 4.0 with Digital Enterprise and MindSphere},
 file = {Answering Industry 4.0 with Digital Enterprise and MindSphere:Attachments/Answering Industry 4.0 with Digital Enterprise and MindSphere.pdf:application/pdf}
}


@article{MS2,
 title = {Accenture-Solutions-For-Siemens-MindSphere},
 file = {Accenture-Solutions-For-Siemens-MindSphere:Attachments/Accenture-Solutions-For-Siemens-MindSphere.pdf:application/pdf}
}


@article{Nezis.1997,
 abstract = {feature recognition using neural networks},
 author = {Nezis, Konstantinos and Vosniakos, George},
 year = {1997},
 title = {Recognizing D shape features using a neural network and heuristics},
 keywords = {Feature recognition;neurar networks},
 pages = {523--539},
 volume = {29},
 number = {7},
 issn = {00104485},
 journal = {Computer-Aided Design},
 doi = {10.1016/S0010-4485(97)00003-1},
 file = {Recognizing{\_}212D{\_}shape{\_}features{\_}using{\_}a{\_}neural{\_}net:Attachments/Recognizing{\_}212D{\_}shape{\_}features{\_}using{\_}a{\_}neural{\_}net.pdf:application/pdf}
}


@article{Oliveira.,
 abstract = {Disserta{\c{c}}{\~a}o de Mestrado Integrado em Engenharia Mec{\^a}nica apresentada {\`a} Faculdade de Ci{\^e}ncias e Tecnologia},
 author = {Oliveira, Magalie Morais},
 title = {Setup Processes Improvement and Organisation Project: Setup Processes Improvement and Organisation Project},
 url = {https://estudogeral.sib.uc.pt/handle/10316/96169},
 journal = {Setup Processes Improvement and Organisation Project}
}


@article{Ozturk.2004,
 author = {{\"O}zt{\"u}rk, Nursel and {\"O}zt{\"u}rk, Ferruh},
 year = {2004},
 title = {Hybrid neural network and genetic algorithm based machining feature recognition},
 pages = {287--298},
 volume = {15},
 number = {3},
 issn = {0956-5515},
 journal = {Journal of Intelligent Manufacturing},
 doi = {10.1023/B:JIMS.0000026567.63397.d5},
 file = {{\"O}zt{\"u}rk-{\"O}zt{\"u}rk2004{\_}Article{\_}HybridNeuralNetworkAndGeneticA:Attachments/{\"O}zt{\"u}rk-{\"O}zt{\"u}rk2004{\_}Article{\_}HybridNeuralNetworkAndGeneticA.pdf:application/pdf}
}


@article{PAC,
 author = {PAC},
 title = {Impact of edge computing on discrete manufacturing},
 volume = {2020},
 file = {200930{\_}Siemens{\_}Edge{\_}White{\_}paper{\_}teknowlogy{\_}EN{\_}2020:Attachments/200930{\_}Siemens{\_}Edge{\_}White{\_}paper{\_}teknowlogy{\_}EN{\_}2020.pdf:application/pdf}
}


@article{Paper,
 author = {{Siemens AG}},
 year = {2017},
 title = {MindSphere - The cloud-based, open IoT operating system from Siemens},
 number = {DFPL-B10014-01-7600},
 file = {MindSphere - The cloud-based, open IoT operating system from Siemens:Attachments/MindSphere - The cloud-based, open IoT operating system from Siemens.pdf:application/pdf}
}


@book{safi.2017,
 author = {safi},
 year = {2017},
 title = {2017 IEEE International Conference on Industrial Engineering {\&} Engineering Management: IEEE IEEM2017 : 10-13 Dec, Singapore},
 url = {http://ieeexplore.ieee.org/servlet/opac?punumber=8279571},
 address = {Piscataway, NJ},
 publisher = {IEEE},
 isbn = {9781538609484},
 institution = {{IEEE IEEM} and {Institute of Electrical and Electronics Engineers}},
 file = {The{\_}impact{\_}of{\_}digitalization{\_}on{\_}product{\_}lifecycle{\_}management{\_}How{\_}to{\_}deal{\_}with{\_}it:Attachments/The{\_}impact{\_}of{\_}digitalization{\_}on{\_}product{\_}lifecycle{\_}management{\_}How{\_}to{\_}deal{\_}with{\_}it.pdf:application/pdf}
}


@article{SalehM,
 author = {{Saleh M. Amaitik}},
 year = {2017},
 title = {Automatic Generation of CNC Codes Based on Machining Features},
 journal = {1st Conference of Industrial Technology ( CIT2017)},
 file = {CIT2017-Amaitik:Attachments/CIT2017-Amaitik.pdf:application/pdf}
}


@article{Sheen.2006,
 author = {Sheen, Bor-Tyng and You, Chun-Fong},
 year = {2006},
 title = {Machining feature recognition and tool-path generation for 3-axis CNC milling},
 pages = {553--562},
 volume = {38},
 number = {6},
 issn = {00104485},
 journal = {Computer-Aided Design},
 doi = {10.1016/j.cad.2005.05.003},
 file = {1-s2.0-S0010448505001028-main:Attachments/1-s2.0-S0010448505001028-main.pdf:application/pdf}
}


@article{Shi.2020,
 abstract = {Journal of Intelligent Manufacturing, https://doi.org/10.1007/s10845-020-01533-w},
 author = {Shi, Peizhi and Qi, Qunfen and Qin, Yuchu and Scott, Paul J. and Jiang, Xiangqian},
 year = {2020},
 title = {A novel learning-based feature recognition method using multiple sectional view representation},
 keywords = {Data augmentation;Deep learning;Feature recognition;Multiple sectional views;Transfer learning},
 pages = {1291--1309},
 volume = {31},
 number = {5},
 issn = {0956-5515},
 journal = {Journal of Intelligent Manufacturing},
 doi = {10.1007/s10845-020-01533-w},
 file = {Shi2020{\_}Article{\_}ANovelLearning-basedFeatureRec:Attachments/Shi2020{\_}Article{\_}ANovelLearning-basedFeatureRec.pdf:application/pdf}
}


@article{Shi.2020b,
 abstract = {Journal of Intelligent Manufacturing, https://doi.org/10.1007/s10845-020-01533-w},
 author = {Shi, Peizhi and Qi, Qunfen and Qin, Yuchu and Scott, Paul J. and Jiang, Xiangqian},
 year = {2020},
 title = {A novel learning-based feature recognition method using multiple sectional view representation},
 keywords = {Data augmentation;Deep learning;Feature recognition;Multiple sectional views;Transfer learning},
 pages = {1291--1309},
 volume = {31},
 number = {5},
 issn = {0956-5515},
 journal = {Journal of Intelligent Manufacturing},
 doi = {10.1007/s10845-020-01533-w},
 file = {A novel learning-based feature recognition method:Attachments/A novel learning-based feature recognition method.pdf:application/pdf}
}


@article{Shi.2021,
 abstract = {IEEE Transactions on Industrial Informatics;2021;17;5;10.1109/TII.2020.3030620},
 author = {Shi, Peizhi and Qi, Qunfen and Qin, Yuchu and Scott, Paul J. and Jiang, Xiangqian},
 year = {2021},
 title = {Intersecting Machining Feature Localization and Recognition via Single Shot Multibox Detector},
 pages = {3292--3302},
 volume = {17},
 number = {5},
 issn = {1551-3203},
 journal = {IEEE Transactions on Industrial Informatics},
 doi = {10.1109/TII.2020.3030620},
 file = {Intersecting Machining Feature Localization and Recognition via Single Shot Multibox Detector:Attachments/Intersecting Machining Feature Localization and Recognition via Single Shot Multibox Detector.pdf:application/pdf}
}


@article{Siemens.,
 abstract = {MindSphere},
 author = {Siemens},
 year = {2020},
 title = {Siemens MindSphere: The industrial IoT as a service solution},
 url = {siemens.com/mindsphere},
 keywords = {closed-loop innovation;cloud;cloud-based;digital twin;end-to-end digital twin;IoT connectivity;IoT operating system;MindConnect;MindSphere;open IoT;open platform;open platform as a service;Siemens},
 number = {69167-C38 8/20 A},
 file = {MindSphere - The industrial IoT as a service solution:Attachments/MindSphere - The industrial IoT as a service solution.pdf:application/pdf}
}


@article{Sunil.2009,
 author = {Sunil, V. B. and Pande, S. S.},
 year = {2009},
 title = {Automatic recognition of machining features using artificial neural networks},
 pages = {932--947},
 volume = {41},
 number = {9-10},
 issn = {0268-3768},
 journal = {The International Journal of Advanced Manufacturing Technology},
 doi = {10.1007/s00170-008-1536-z},
 file = {VBSUNIL{\_}FR{\_}ANN{\_}IJAMT:Attachments/VBSUNIL{\_}FR{\_}ANN{\_}IJAMT.pdf:application/pdf}
}


@article{Thames,
 abstract = {Procedia CIRP, 52 (2016) 12-17. doi:10.1016/j.procir.2016.07.041},
 author = {Thames, Lane and Schaefer, Dirk},
 year = {2016},
 title = {Software-defined Cloud Manufacturing for Industry 4.0},
 keywords = {Cloud manufacturing;Industrial Internet;Industry 4.0;Internet of Things;Operationan Technology;Software-Defined Manufacturing},
 pages = {12--17},
 volume = {52},
 issn = {22128271},
 journal = {Procedia CIRP},
 doi = {10.1016/j.procir.2016.07.041},
 file = {Software-Defined Cloud Manufacturing for Industry 4.0:Attachments/Software-Defined Cloud Manufacturing for Industry 4.0.pdf:application/pdf}
}


@article{Thames.2016,
 abstract = {Procedia CIRP, 52 (2016) 12-17. doi:10.1016/j.procir.2016.07.041},
 author = {Thames, Lane and Schaefer, Dirk},
 year = {2016},
 title = {Software-defined Cloud Manufacturing for Industry 4.0},
 keywords = {Cloud manufacturing;Industrial Internet;Industry 4.0;Internet of Things;Operationan Technology;Software-Defined Manufacturing},
 pages = {12--17},
 volume = {52},
 issn = {22128271},
 journal = {Procedia CIRP},
 doi = {10.1016/j.procir.2016.07.041},
 file = {Software-Defined Cloud Manufacturing for Industry 4.0:Attachments/Software-Defined Cloud Manufacturing for Industry 4.0.pdf:application/pdf}
}


@article{Verma.2010,
 author = {Verma, Arvind Kumar and Rajotia, Sunil},
 year = {2010},
 title = {A review of machining feature recognition methodologies},
 pages = {353--368},
 volume = {23},
 number = {4},
 issn = {0951-192X},
 journal = {International Journal of Computer Integrated Manufacturing},
 doi = {10.1080/09511921003642121},
 file = {verma2010:Attachments/verma2010.pdf:application/pdf}
}


@article{Verma.2010b,
 author = {Verma, Arvind Kumar and Rajotia, Sunil},
 year = {2010},
 title = {A review of machining feature recognition methodologies},
 pages = {353--368},
 volume = {23},
 number = {4},
 issn = {0951-192X},
 journal = {International Journal of Computer Integrated Manufacturing},
 doi = {10.1080/09511921003642121},
 file = {A review of machining feature recognition methodologies:Attachments/A review of machining feature recognition methodologies.pdf:application/pdf}
}


@article{WhitepaperMS,
 author = {{Siemens PLM Software}},
 title = {White paper: MindSphere - The cloud-based, open IoT operating system for digital transformation},
 url = {www.siemens.com/mindsphere},
 keywords = {C{\_}Unrestricted},
 volume = {2017},
 number = {62967-A6 3/17 W},
 file = {Siemens{\_}MindSphere{\_}Whitepaper:Attachments/Siemens{\_}MindSphere{\_}Whitepaper.pdf:application/pdf}
}


@article{WP,
 title = {MindSphere - Whitepaper: Enabling the world's industries to drive their digital transformations},
 number = {69993-A21 8/18 A},
 file = {Siemens-MindSphere-Whitepaper:Attachments/Siemens-MindSphere-Whitepaper.pdf:application/pdf}
}


@article{WuDa,
 abstract = {Computer-Aided Design, 59 (2015) 1-14. doi:10.1016/j.cad.2014.07.006},
 author = {Wu, Dazhong and Rosen, David W. and Wang, Lihui and Schaefer, Dirk},
 year = {2015},
 title = {Cloud-based design and manufacturing: A new paradigm in digital manufacturing and design innovation},
 keywords = {Cloud-based design and manufacturing;Collaborative design;Design innovation;Digital manufacturing;Distributed manufacturing},
 pages = {1--14},
 volume = {59},
 issn = {00104485},
 journal = {Computer-Aided Design},
 doi = {10.1016/j.cad.2014.07.006},
 file = {Cloud-based design and manufacturing A new paradigm in digitalmanufacturing and designinnovation:Attachments/Cloud-based design and manufacturing A new paradigm in digitalmanufacturing and designinnovation.pdf:application/pdf}
}


@article{Xun,
 abstract = {Robotics and Computer Integrated Manufacturing, 57 (2019) 92-102. doi:10.1016/j.rcim.2018.11.006},
 author = {Lu, Yuqian and Xu, Xun},
 year = {2019},
 title = {Cloud-based manufacturing equipment and big data analytics to enable on-demand manufacturing services},
 keywords = {Big data analytics;Cloud manufacturing;Cyber-physical production system;digital twin;Industry 4.0},
 pages = {92--102},
 volume = {57},
 issn = {07365845},
 journal = {Robotics and Computer-Integrated Manufacturing},
 doi = {10.1016/j.rcim.2018.11.006},
 file = {Cloud-based manufacturing equipment and big data analytics to enable ondemand manufacturing services:Attachments/Cloud-based manufacturing equipment and big data analytics to enable ondemand manufacturing services.pdf:application/pdf}
}


@article{Zhang,
 abstract = {Journal of Intelligent Manufacturing, doi:10.1007/s10845-015-1064-2},
 author = {Zhang, Yingfeng and Zhang, Geng and Liu, Yang and {Di Hu}},
 year = {2017},
 title = {Research on services encapsulation and virtualization access model of machine for cloud manufacturing},
 keywords = {Cloud manufacturing;Manufacturing machine;Services encapsulation;Virtualization access},
 pages = {1109--1123},
 volume = {28},
 number = {5},
 issn = {0956-5515},
 journal = {Journal of Intelligent Manufacturing},
 doi = {10.1007/s10845-015-1064-2},
 file = {Research on services encapsulation and virtualization access model of machine for cloud manufacturing:Attachments/Research on services encapsulation and virtualization access model of machine for cloud manufacturing.pdf:application/pdf}
}


@article{Zhang.2014,
 author = {Zhang, Xianzhi and Nassehi, Aydin and Newman, Stephen T.},
 year = {2014},
 title = {Feature recognition from CNC part programs for milling operations},
 pages = {397--412},
 volume = {70},
 number = {1-4},
 issn = {0268-3768},
 journal = {The International Journal of Advanced Manufacturing Technology},
 doi = {10.1007/s00170-013-5275-4},
 file = {Zhang2014{\_}Article{\_}FeatureRecognitionFromCNCPartP:Attachments/Zhang2014{\_}Article{\_}FeatureRecognitionFromCNCPartP.pdf:application/pdf}
}


@article{Zhang.2014b,
 author = {Zhang, Xianzhi and Nassehi, Aydin and Newman, Stephen T.},
 year = {2014},
 title = {Feature recognition from CNC part programs for milling operations},
 pages = {397--412},
 volume = {70},
 number = {1-4},
 issn = {0268-3768},
 journal = {The International Journal of Advanced Manufacturing Technology},
 doi = {10.1007/s00170-013-5275-4},
 file = {Feature recognition from CNC part programs for milling operations:Attachments/Feature recognition from CNC part programs for milling operations.pdf:application/pdf}
}


@article{Zhang.2018,
 abstract = {Computer-Aided Design, 101 (2018) 12-22. doi:10.1016/j.cad.2018.03.006},
 author = {Zhang, Zhibo and Jaiswal, Prakhar and Rai, Rahul},
 year = {2018},
 title = {FeatureNet: Machining feature recognition based on 3D Convolution Neural Network},
 pages = {12--22},
 volume = {101},
 issn = {00104485},
 journal = {Computer-Aided Design},
 doi = {10.1016/j.cad.2018.03.006},
 file = {Machining feature recognition based on 3D CNN:Attachments/Machining feature recognition based on 3D CNN.pdf:application/pdf}
}


